Date,Category,Region,Revenue
2024-01-31,Electronics,North,12000
2024-02-29,Clothing,South,8000
2024-03-31,Grocery,East,6000
2024-04-30,Electronics,West,15000
2024-05-31,Clothing,North,9000
2024-06-30,Grocery,South,7000
2024-07-31,Electronics,East,17000
2024-08-31,Clothing,West,11000
2024-09-30,Grocery,North,9000
2024-10-31,Electronics,South,20000
2024-11-30,Clothing,East,14000
2024-12-31,Grocery,West,10000
